<mx:record xmlns="http://www.w3.org/TR/xhtml1/strict" xmlns:mx="http://www.loc.gov/MARC21/slim" xmlns:xsi="http://www.w3.org/2001/XMLSchema-instance"><mx:leader>00000cz  a2200000n  45 0</mx:leader><mx:controlfield tag="001">oca00958274 </mx:controlfield><mx:controlfield tag="005">20061028071437.0</mx:controlfield><mx:controlfield tag="008">831011n| acannaabn          |a aaa     c</mx:controlfield><mx:datafield ind1=" " ind2=" " tag="010"><mx:subfield code="a">n  83122630</mx:subfield></mx:datafield><mx:datafield ind1=" " ind2=" " tag="040"><mx:subfield code="a">InU</mx:subfield><mx:subfield code="b">eng</mx:subfield><mx:subfield code="c">DLC</mx:subfield><mx:subfield code="d">OrU</mx:subfield></mx:datafield><mx:datafield ind1="0" ind2=" " tag="100"><mx:subfield code="a">Rufus,</mx:subfield><mx:subfield code="c">of Ephesus</mx:subfield></mx:datafield><mx:datafield ind1="0" ind2=" " tag="400"><mx:subfield code="a">Rufus,</mx:subfield><mx:subfield code="c">von Ephesos</mx:subfield></mx:datafield><mx:datafield ind1="1" ind2=" " tag="400"><mx:subfield code="a">Ephesos, Rufus von</mx:subfield></mx:datafield><mx:datafield ind1="0" ind2=" " tag="400"><mx:subfield code="a">Rufus,</mx:subfield><mx:subfield code="c">Ephesius</mx:subfield></mx:datafield><mx:datafield ind1="0" ind2=" " tag="400"><mx:subfield code="a">Rouphos,</mx:subfield><mx:subfield code="c">Ephesios</mx:subfield></mx:datafield><mx:datafield ind1="0" ind2=" " tag="400"><mx:subfield code="a">Ruffus,</mx:subfield><mx:subfield code="c">Ephesius</mx:subfield></mx:datafield><mx:datafield ind1="0" ind2=" " tag="400"><mx:subfield code="a">Rufus,</mx:subfield><mx:subfield code="c">d'Ephèse</mx:subfield></mx:datafield><mx:datafield ind1="1" ind2=" " tag="400"><mx:subfield code="a">Ephèse, Rufus d'</mx:subfield></mx:datafield><mx:datafield ind1="0" ind2=" " tag="400"><mx:subfield code="a">Ruphus,</mx:subfield><mx:subfield code="c">of Ephesus</mx:subfield></mx:datafield><mx:datafield ind1=" " ind2=" " tag="670"><mx:subfield code="a">His Universa antiquorum anatome tam ossium, quam partium &amp; externarum &amp; internarum, 1604:</mx:subfield><mx:subfield code="b">t.p. (... Rufo Ephesio)</mx:subfield></mx:datafield><mx:datafield ind1=" " ind2=" " tag="670"><mx:subfield code="a">His Rouphou Ephesiou Peri tōn en kystei kai nephrois pathōn, 1554:</mx:subfield><mx:subfield code="b">t.p. (... Rouphou Ephesiou; ... Ruffi Ephesii)</mx:subfield></mx:datafield><mx:datafield ind1=" " ind2=" " tag="670"><mx:subfield code="a">His Oeuvres de Rufus d'Ephèse, 1963:</mx:subfield><mx:subfield code="b">t.p. (Rufus d'Ephèse)</mx:subfield></mx:datafield><mx:datafield ind1=" " ind2=" " tag="670"><mx:subfield code="a">Sideras, A. Textkritische Beiträge zur Schrift des Rufus von Ephesos De renum et vesicae morbis, 1971:</mx:subfield><mx:subfield code="b">t.p. (Rufus von Ephesos)</mx:subfield></mx:datafield><mx:datafield ind1=" " ind2=" " tag="670"><mx:subfield code="a">Dict. of scientific biog., 1975</mx:subfield><mx:subfield code="b">(Rufus of Ephesus, fl. late 1st cent. B.C. to mid-first cent. A.D. [?])</mx:subfield></mx:datafield><mx:datafield ind1=" " ind2=" " tag="670"><mx:subfield code="a">BM</mx:subfield><mx:subfield code="b">(Rufus, of Ephesus)</mx:subfield></mx:datafield><mx:datafield ind1=" " ind2=" " tag="670"><mx:subfield code="a">Universal pronouncing dict. of biog. and myth., 1915</mx:subfield><mx:subfield code="b">(Rufus or Ruphus, called Rufus Ephesius)</mx:subfield></mx:datafield><mx:datafield ind1=" " ind2=" " tag="670"><mx:subfield code="a">LC in OCLC, 6/3/83</mx:subfield><mx:subfield code="b">(hdg.: Rufus, of Ephesus; usage: Rufus von Ephesos)</mx:subfield></mx:datafield><mx:datafield ind1=" " ind2=" " tag="999"><mx:subfield code="a">12201</mx:subfield></mx:datafield></mx:record>